% Encoding: UTF-8

@Book{reitan1985halstead,
  title     = {The Halstead-Reitan neuropsychological test battery: Theory and clinical interpretation},
  publisher = {Reitan Neuropsychology},
  year      = {1985},
  author    = {Reitan, Ralph M and Wolfson, Deborah},
  volume    = {4},
}

@Article{reitan1955relation,
  author    = {Reitan, Ralph M},
  title     = {The relation of the trail making test to organic brain damage.},
  journal   = {Journal of consulting psychology},
  year      = {1955},
  volume    = {19},
  number    = {5},
  pages     = {393},
  publisher = {American Psychological Association},
}

@Article{tombaugh2004trail,
  author    = {Tombaugh, Tom N},
  title     = {Trail Making Test A and B: normative data stratified by age and education},
  journal   = {Archives of clinical neuropsychology},
  year      = {2004},
  volume    = {19},
  number    = {2},
  pages     = {203--214},
  publisher = {Elsevier},
}

@Article{ble2005,
  author    = {Ble, Alesandro and Volpato, Stefano and Zuliani, Giovanni and Guralnik, Jack M and Bandinelli, Stefania and Lauretani, Fulvio and Bartali, Benedetta and Maraldi, Cinzia and Fellin, Renato and Ferrucci, Luigi},
  title     = {Executive function correlates with walking speed in older persons: the InCHIANTI study},
  journal   = {Journal of the American Geriatrics Society},
  year      = {2005},
  volume    = {53},
  number    = {3},
  pages     = {410--415},
  publisher = {Wiley Online Library},
}

@Article{seo2006,
  author    = {Seo, Eun Hyun and Lee, Dong Young and Kim, Ki Woong and Lee, Jung Hie and Jhoo, Jin Hyeong and Youn, Jong Choul and Choo, IL Han and Ha, Jin and Woo, Jong Inn},
  title     = {A normative study of the Trail Making Test in Korean elders},
  journal   = {International Journal of Geriatric Psychiatry: A journal of the psychiatry of late life and allied sciences},
  year      = {2006},
  volume    = {21},
  number    = {9},
  pages     = {844--852},
  publisher = {Wiley Online Library},
}

@Article{kortte2002,
  author    = {Kortte, Kathleen Bechtold and Horner, Michael David and Windham, Whitney K},
  title     = {The trail making test, part B: cognitive flexibility or ability to maintain set?},
  journal   = {Applied neuropsychology},
  year      = {2002},
  volume    = {9},
  number    = {2},
  pages     = {106--109},
  publisher = {Taylor \& Francis},
}

@Comment{jabref-meta: databaseType:bibtex;}
